@Manual{BoostSite, 
  title =        {BOOST C++ Libraries}, 
  note =         {\texttt{http://www.boost.org}}, 
  url =          {http://www.boost.org} 
} 
@book{burden,
  Author = {Richard L. Burden and J. Douglas Faires},
  Title = {Numerical Analysis},
  Publisher = {Brooks Cole},
  Year = {2000},
  ISBN = {},
  URL = {}
}
@book{heath,
  Author = {Michael Heath},
  Title = {Scientific Computing},
  Publisher = {McGraw-Hill},
  Year = {1997},
  ISBN = {},
  URL = {}
}
